@inproceedings{bengio2005expected,
  title={The expected performance curve},
  author={Bengio, Samy and Mari{\'e}thoz, Johnny and Keller, Mikaela},
  booktitle={International Conference on Machine Learning, ICML, Workshop on ROC Analysis in Machine Learning},
  number={EPFL-CONF-83266},
  year={2005}
}

@TechReport{wang2017deep,
  title={Deep neural networks are more accurate than humans at detecting sexual orientation from facial images.},
  author={Wang, Yilun and Kosinski, Michal},
  year={2017},
  instutution={PsyArXiv},
  note={\url{https://psyarxiv.com/hv28a/}}
}


@techreport{samarati1998protecting,
  title={Protecting privacy when disclosing information: k-anonymity and its enforcement through generalization and suppression},
  author={Samarati, Pierangela and Sweeney, Latanya},
  year={1998},
  institution={technical report, SRI International}
}
